% Example book
@book{goossens93,
    author    = {Michel Goossens and Frank Mittelbach and Alexander Samarin},
    title     = {The LaTeX Companion},
    publisher = {Addison-Wesley},
    address   = {Reading, Massachusetts},
    year      = {1993}
}
